<record><leader>00000cas a2200000 a 4500</leader><controlfield tag="001">41314186</controlfield><controlfield tag="007">hd afb---bucu</controlfield><controlfield tag="008">990506u1950uuuucaumr nea     0    0yidoc</controlfield><datafield ind1=" " ind2=" " tag="010"><subfield code="a">sn 99047558 </subfield></datafield><datafield ind1=" " ind2=" " tag="040"><subfield code="a">WAU</subfield><subfield code="b">eng</subfield><subfield code="c">WAU</subfield><subfield code="d">DLC</subfield><subfield code="d">OCLCQ</subfield><subfield code="d">OCLCF</subfield><subfield code="d">OCLCO</subfield><subfield code="d">OCLCQ</subfield><subfield code="d">HUC</subfield></datafield><datafield ind1=" " ind2=" " tag="066"><subfield code="c">(2</subfield></datafield><datafield ind1=" " ind2=" " tag="012"><subfield code="i">9905</subfield></datafield><datafield ind1="1" ind2=" " tag="029"><subfield code="a">AU@</subfield><subfield code="b">000020122602</subfield></datafield><datafield ind1=" " ind2=" " tag="042"><subfield code="a">pcc</subfield></datafield><datafield ind1=" " ind2=" " tag="043"><subfield code="a">n-us-ca</subfield></datafield><datafield ind1="0" ind2="0" tag="050"><subfield code="a">Newspaper</subfield></datafield><datafield ind1="0" ind2="0" tag="245"><subfield code="6">880-01</subfield><subfield code="a">K&#803;alifornier Yidish leben =</subfield><subfield code="b">California Jewish life.</subfield></datafield><datafield ind1="3" ind2="1" tag="246"><subfield code="a">California Jewish life</subfield></datafield><datafield ind1=" " ind2=" " tag="260"><subfield code="a">Los Andzsheles :</subfield><subfield code="b">K&#803;alifornier Yidish leben,</subfield><subfield code="c">[1950]-</subfield></datafield><datafield ind1=" " ind2=" " tag="300"><subfield code="a">volumes :</subfield><subfield code="b">illustrations</subfield></datafield><datafield ind1=" " ind2=" " tag="310"><subfield code="a">Monthly</subfield></datafield><datafield ind1=" " ind2=" " tag="336"><subfield code="a">text</subfield><subfield code="b">txt</subfield><subfield code="2">rdacontent</subfield></datafield><datafield ind1=" " ind2=" " tag="337"><subfield code="a">microform</subfield><subfield code="b">h</subfield><subfield code="2">rdamedia</subfield></datafield><datafield ind1=" " ind2=" " tag="338"><subfield code="a">microfilm reel</subfield><subfield code="b">hd</subfield><subfield code="2">rdacarrier</subfield></datafield><datafield ind1="0" ind2=" " tag="362"><subfield code="a">Numer 1. (Kislev 711 [Dec. 1950])-</subfield></datafield><datafield ind1=" " ind2=" " tag="515"><subfield code="a">First issue also called v. 1, no. 1.</subfield></datafield><datafield ind1=" " ind2=" " tag="588"><subfield code="a">Latest issue consulted: Vol. 1, no. 4-5 (Mar.-Apr. 1951).</subfield></datafield><datafield ind1=" " ind2=" " tag="533"><subfield code="a">Microfilm.</subfield><subfield code="b">Cincinnati, Ohio :</subfield><subfield code="c">American Jewish Periodical Center.</subfield><subfield code="e">l microfilm reel ; 35 mm.</subfield><subfield code="n">Filmed with other titles.</subfield></datafield><datafield ind1=" " ind2="0" tag="650"><subfield code="a">Jewish newspapers</subfield><subfield code="z">California.</subfield></datafield><datafield ind1=" " ind2="0" tag="651"><subfield code="a">Los Angeles (Calif.)</subfield><subfield code="v">Newspapers.</subfield></datafield><datafield ind1=" " ind2="7" tag="650"><subfield code="a">Jewish newspapers.</subfield><subfield code="2">fast</subfield><subfield code="0">(OCoLC)fst00982872</subfield></datafield><datafield ind1=" " ind2="7" tag="651"><subfield code="a">California.</subfield><subfield code="2">fast</subfield><subfield code="0">(OCoLC)fst01204928</subfield></datafield><datafield ind1=" " ind2="7" tag="651"><subfield code="a">California</subfield><subfield code="z">Los Angeles.</subfield><subfield code="2">fast</subfield><subfield code="0">(OCoLC)fst01204540</subfield></datafield><datafield ind1=" " ind2="7" tag="655"><subfield code="a">Newspapers.</subfield><subfield code="2">fast</subfield><subfield code="0">(OCoLC)fst01423814</subfield></datafield><datafield ind1=" " ind2=" " tag="752"><subfield code="a">United States</subfield><subfield code="b">California</subfield><subfield code="d">Los Angeles.</subfield></datafield><datafield ind1=" " ind2=" " tag="850"><subfield code="a">WaU</subfield></datafield><datafield ind1="0" ind2="0" tag="880"><subfield code="6">245-01</subfield><subfield code="a">&#1511;&#1488;&#1500;&#1497;&#1508;&#1488;&#1512;&#1504;&#1497;&#1506;&#1512; &#1497;&#1497;&#1491;&#1497;&#1513; &#1500;&#1506;&#1489;&#1503; :</subfield><subfield code="h">[microform] =</subfield><subfield code="b">California Jewish life.</subfield></datafield></record>